@article{ploen2007,
  title={Convex Programming Approach to Powered Descent Guidance for Mars Landing},
  author={Acikmese, B and Ploen, S},
  journal={AIAA Journal of Guidance, Control, and Dynamics},
  volume={30},
  number={5},
  pages={1353, 1366},
  year={2007},
  publisher={American Institute of Aeronautics and Astronautics},
  doi = {10.2514/1.27553}
}

@article{enhancements2008,
  title={Enhancements on the Convex Programming Based Powered Descent Guidance Algorithm for Mars Landing},
  author={Acikmese, B and Blackmore, L and Scharf, D and Wolf, A},
  journal={AIAA/AAS Astrodynamics Specialist Conference and Exhibit, Guidance, Navigation, and Control},
  year={2008},
  doi = {10.2514/6.2008-6426}
}

@article{blackmore2013,
  title={Lossless Convexification of Nonconvex Control Bound Constraints of the Soft Landing Optimal Control Problem},
  author={Acikmese, B and Carson, J and Blackmore, L},
  journal={IEEE Transactions on Control Systems Technology},
  volume={21},
  number={6},
  pages={2104},
  year={2013}
}

@article{becet2016,
  title={Successive Convexification for Fuel-Optimal Powered Landing with Aerodynamic Drag and Non-Convex Constraints},
  author={Acikmese, B and Carson, J and Blackmore, L},
  journal={AIAA SciTech Forum},
  year={2016}
}

@inbook{boyd,
  title={Convex Optimization},
  author ={Stephen Boyd, Lieven Vandenberghe},
  year = {2009}
}

@article{ICRApaper,
  title={Design and Control of an Indoor Micro Quadrotor},
  author={Bouabdallah, S and Murrieri, P and Siegward, R},
  journal={AIAA Journal of Guidance, Control, and Dynamics},
  volume={30},
  number={5},
  pages={1353, 1366},
  year={2007},
  publisher={American Institute of Aeronautics and Astronautics},
  doi = {10.2514/1.27553}
}

@article{mcmonagle,
  title={Multi-Body Large Displacement Equations of Motion for Flexible Bodies Represented as Finite Element Models},
  author={Richard I. McMonagle},
  journal={AIAA Modeling and Simulation Technologies Conference},
  year={2014},
  publisher={American Institute of Aeronautics and Astronautics},
  doi = {10.2514/6.2014-2646}
}
